<?xml version="1.0" encoding="UTF-8"?><record xmlns="http://www.loc.gov/MARC21/slim" xmlns:cinclude="http://apache.org/cocoon/include/1.0" xmlns:zs="http://www.loc.gov/zing/srw/">
  <leader>00450nz  a2200133n  4500</leader>
  <controlfield tag="001">no2003002579</controlfield>
  <controlfield tag="003">DLC</controlfield>
  <controlfield tag="005">20030111071005.0</controlfield>
  <controlfield tag="008">030110n| acannaabn          |n aaa      </controlfield>
  <datafield tag="010" ind1=" " ind2=" ">
    <subfield code="a">no2003002579</subfield>
  </datafield>
  <datafield tag="035" ind1=" " ind2=" ">
    <subfield code="a">(OCoLC)oca05946474</subfield>
  </datafield>
  <datafield tag="040" ind1=" " ind2=" ">
    <subfield code="a">DLC-OK</subfield>
    <subfield code="b">eng</subfield>
    <subfield code="c">DLC-OK</subfield>
  </datafield>
  <datafield tag="100" ind1="1" ind2=" ">
    <subfield code="a">Kasera, Susan</subfield>
  </datafield>
  <datafield tag="670" ind1=" " ind2=" ">
    <subfield code="a">Rapportuer's report on a training seminar on raising awareness ... 2002:</subfield>
    <subfield code="b">cover (Susan Kasera) p. 31 (East African Standard) p. 94 (vice-chairperson, MDA)</subfield>
  </datafield>
</record>